@Misc{iNat3710757,
  Author = {{iNaturalist.org web application}},
  Url   = {http://www.inaturalist.org/observations/3710757},
  Note  = {[Online; accessed 21-July-2016]},
}

@Misc{iNat284072,
  Author = {{iNaturalist.org web application}},
  Url   = {http://www.inaturalist.org/observations/284072},
  Note  = {[Online; accessed 13-July-2016]},
}

@Misc{Wikipedi2016,
  Title                    = {Vespa tropica --- Wikipedia{,} The Free Encyclopedia},
  Author                   = {Wikipedia},
  Note                     = {[Online; accessed 13-July-2016]},
  Year                     = {2016},
  Url                      = {https://en.wikipedia.org/wiki/Vespa_tropica}
}

@article{archer1991taxonomy,
  title={Taxonomy and bionomics of the Vespa tropica group (Hym., Vespinae)},
  author={Archer, Michael E},
  journal={Entomologist's Monthly Magazine},
  url={https://preview.overleaf.com/public/tggvpdznxzvf/images/9c473a596aabce3647a3c1c7467fdff94bbb2d90.jpeg},
  volume={127},
  pages={225--232},
  year={1991},
  url={http://www.academia.edu/download/31781273/Vespa_tropica_group.pdf}
}

@Misc{GBIF,
  Author = {{GBIF Secretariat: GBIF Backbone Taxonomy}},
  Url   = {http://www.gbif.org/dataset/d7dddbf4-2cf0-4f39-9b2a-bb099caae36c},
  Note  = {[Online; accessed 14-July-2016]}
}

@article{Chan1972,
  author = {Chan, K L},
  title = {The hornets of Singapore: their ideenification, biology an control},
  journal = {Singapore Medical Journal},
  volume = 13,
  issue = 4,
  pages = {178-187}
}
